@book{GL2012MC,
  author =       {Gene H. Golub and Charles F. Van Loan},
  title =        {Matrix Computations},
  year =         {2012}
}

@book{SLG2017FPMA,
  author =       {{时宝\,刘孝磊\,盖明久\,周刚\,毛凯}},
  title =        {实用矩阵分析基础},
  publisher =    {国防工业出版社},
  year =         {2017}
}

@book{BV2004CO,
  author =       {Stephen Boyd and Lieven Vandenberghe},
  title =        {Convex Optimization},
  publisher =    {Cambridge University Press},
  year =         {2004(有中译版)}
}

@book{Yang2019CO,
  author =       {杨庆之},
  title =        {凸优化的理论和方法},
  publisher =    {科学出版社},
  year =         {2019}
}

@book{Zhang2020COTA,
  author =       {{张海斌\,张凯丽}},
  title =        {凸优化理论与算法},
  publisher =    {科学出版社},
  year =         {2020}
}

@book{Dai2017MA,
  author =       {戴华},
  title =        {矩阵论},
  publisher =    {科学出版社},
  year =         {2017}
}


@book{Zhang2015MAA,
  author =       {张贤达},
  title =        {矩阵分析与应用(第2版)},
  publisher =    {科学出版社},
  year =         {2015}
}

@book{Shen2008PTMS,
  author =       {{盛骤\,谢式千\,潘承毅}},
  title =        {概率论与数理统计(第四版)},
  publisher =    {高等教育出版社},
  year =         {2008}
}


@book{Shi2019MLATO,
  author =       {{史春奇\,卜晶祎\,施智平}},
  title =        {机器学习-算法背后的理论与优化},
  publisher =    {清华大学出版社},
  year =         {2019}
}


@book{KW2019AFO,
  author =       {Mykel J. Kochenderfer and Tim A. Wheeler},
  title =        {Algorithms for Optimization},
  publisher =    {The MIT Press},
  year =         {2019}
}



@book{Ma2019OMM,
  author =       {马昌凤(编著)},
  title =        {最优化方法及Matlab程序实现},
  publisher =    {科学出版社},
  year =         {2019}
}



% 李航 统计学习方法 第二版 清华大学出版社 2019
% Xiangda Zhang
%
